%% This BibTeX bibliography file was created using BibDesk.
%% http://bibdesk.sourceforge.net/


%% Created for Lauro Cesar Araujo at 2013-08-21 10:57:09 -0300 


%% Saved with string encoding Unicode (UTF-8) 


%% LIVROS
@book{kandel2000principles,
  title={Principles of neural science},
  author={Kandel, Eric R and Schwartz, James H and Jessell, Thomas M and Department of Biochemistry and Molecular Biophysics Thomas Jessell and Siegelbaum, Steven and Hudspeth, AJ},
  volume={4},
  year={2000},
  publisher={McGraw-hill New York}
}

@book{anholt2009principles,
  title={Principles of behavioral genetics},
  author={Anholt, Robert RH and Mackay, Trudy FC},
  year={2009},
  publisher={Academic Press}
}

%% SITES
@misc{dna,
    title = {DNA},
    url = {https://www.todamateria.com.br},
    organization = {{Toda Mat√©ria}},
    urlaccessdate={19 dez. 2018},
    year = 2018
}

@misc{einstein,
    title = {parkinson},
    url = {https://www.einstein.br/doencas-sintomas},
    organization = {{Hospital Israelita Albert Einstein}},
    urlaccessdate={19 dez. 2018},
    year = 2018
}


@article{macdonald1993novel,
  title={A novel gene containing a trinucleotide repeat that is expanded and unstable on Huntington's disease chromosomes},
  author={MacDonald, Marcy E and Ambrose, Christine M and Duyao, Mabel P and Myers, Richard H and Lin, Carol and Srinidhi, Lakshmi and Barnes, Glenn and Taylor, Sherryl A and James, Marianne and Groot, Nicolet and others},
  journal={Cell},
  volume={72},
  number={6},
  pages={971--983},
  year={1993},
  publisher={Elsevier}
}